@online{cppreference,
  title = {cppreference.com},
  year = 2015,
  url = {http://en.cppreference.com/w/cpp},
  urldate = {2015-12-29}
}
