@online{cppreference,
  title = {cppreference.com},
  year = 2015,
  url = {http://en.cppreference.com/w/cpp},
  urldate = {2015-12-29}
}
@online{open-std,
  title = {The C++ Standards Committee},
  year = 2016,
  url = {http://www.open-std.org/JTC1/SC22/WG21/},
  urldate = {2016-01-17}
}
@book{Gamma:1995:DPE:186897,
 author = {Gamma, Erich and Helm, Richard and Johnson, Ralph and Vlissides, John},
 title = {Design Patterns: Elements of Reusable Object-oriented Software},
 year = {1995},
 isbn = {0-201-63361-2},
 publisher = {Addison-Wesley Longman Publishing Co., Inc.},
 address = {Boston, MA, USA},
}
@article{vinoski2005time,
  title={A time for reflection},
  author={Vinoski, Steve},
  journal={Internet Computing, IEEE},
  volume={9},
  number={1},
  pages={86--89},
  year={2005},
  publisher={IEEE}
}
@inproceedings{ferber1989computational,
  title={Computational reflection in class based object-oriented languages},
  author={Ferber, Jacques},
  booktitle={ACM Sigplan Notices},
  volume={24},
  number={10},
  pages={317--326},
  year={1989},
  organization={ACM}
}
